\begin{thebibliography}

@article{gaff,
  title={{Development and Testing of a General Amber Force Field}},
  author={Wang, Junmei and Wolf, Romain M. and Caldwell, James W. and Kollman, Peter A. and Case, David A.},
  journal={J. Comput. Chem.},
  volume={25},
  number={9},
  pages={1157--1174},
  year={2004}
}

@article{lin05,
  title={{Redistributed charge and dipole schemes for combined quantum mechanical and molecular mechanical calculations}},
  author={Lin, H and Truhlar, D G},
  journal={J. Phys. Chem. A},
  volume={109},
  number={17},
  pages={3991--4004},
  year={2005}
}

@article{goga12,
  title = {{Efficient Algorithms for Langevin and DPD Dynamics}},
  author = {Goga, N. and Rzepiela, A. J. and {de Vries}, A. H. and Marrink, S. J. and Berendsen, H. J. C.},
  year = {2012},
  volume = {8},
  pages = {3637--3649},
  doi = {10.1021/ct3000876},
  journal = {J. Chem. Theory Comput.},
  number = {10}
}

@article{senn09,
  title={{QM/MM methods for biomolecular systems}},
  author={Senn, H M and Thiel, W},
  journal={Angew. Chem. Int. Ed.},
  volume={48},
  number={7},
  pages={1198--1229},
  year={2009}
}

@article{berendsen84,
  title={{Molecular dynamics with coupling to an external bath}},
  author={Berendsen, H J C and Postma, J P M and van Gunsteren, W F and DiNola, ARHJ and Haak, J R},
  journal={J. Chem. Phys.},
  volume={81},
  number={8},
  pages={3684--3690},
  year={1984}
}

@misc{turbomole,
title = {{TURBOMOLE V7.0 2015}, a development of {University of Karlsruhe} and 
         {Forschungszentrum Karlsruhe GmbH}, 
         {TURBOMOLE GmbH}},
         howpublished = {\url{http://www.turbomole.com}},
         year=2015
         }
         
@article{brunken20,
author = {Brunken, Christoph and Reiher, Markus},
title = {{Self-Parametrizing System-Focused Atomistic Models}},
journal = {J. Chem. Theory Comput.},
volume = {16},
number = {3},
pages = {1646--1665},
year = {2020},
doi = {10.1021/acs.jctc.9b00855},
}
          
@article{brunken21,
author = {Brunken, Christoph and Reiher, Markus},
title = {{Automated Construction of Quantum--Classical Hybrid Models}},
journal = {J. Chem. Theory Comput.},
number = {6},
pages = {3797-3813},
volume = {17},
year = {2021},
doi = {10.1021/acs.jctc.1c00178}
}         

@article{mayer83,
  title={{Charge, bond order and valence in the AB initio SCF theory}},
  author={Mayer, I},
  journal={Chem. Phys. Lett.},
  volume={97},
  number={3},
  pages={270--274},
  year={1983},
}

@misc{readuct,
  title={{SCINE ReaDuct 3.0.0}},
  author={Christoph Brunken and Katja-Sophia Csizi and Stephanie A. Grimmel and Stefan Gugler and Jan-Grimo Sobez and Miguel Steiner and Paul L. T\"urtscher and Jan P. Unsleber and Alain C. Vaucher and Thomas Weymuth and Markus Reiher},
  year={2021},
  howpublished = {\url{https://github.com/qcscine/readuct}},
}

@misc{molassembler,
  title={{SCINE Molassembler 1.1.0}},
  author={Sobez, J.-G. and Reiher, M.},
  year={2021},
  howpublished = {\url{https://github.com/qcscine/molassembler}},
}


@misc{utils,
  title={{SCINE Utilities 4.0.0}},
  author={Francesco Bosia and Christoph Brunken and Katja-Sophia Csizi and Stephanie A. Grimmel and Stefan Gugler and Moritz P. Haag and Michael A. Heuer and Charlotte H. M\"uller and Severin Polonius and Gregor N. Simm and Jan-Grimo Sobez and Miguel Steiner and Paul L. T\"urtscher and Jan P. Unsleber and Alain C. Vaucher and Thomas Weymuth and Markus Reiher},
  year={2021},
  howpublished = {\url{https://github.com/qcscine/utilities}},
}

@article{marenich12,
  title={{Charge model 5: An extension of Hirshfeld population analysis for the accurate description of molecular interactions in gaseous and condensed phases}},
  author={Marenich, A V and Jerome, S V and Cramer, C J and Truhlar, D G},
  journal={J. Chem. Theory Comput.},
  volume={8},
  number={2},
  pages={527--541},
  year={2012}
}

@misc{mongodb,
  author = {{MongoDB Inc.}},
  title = {{MongoDB 3.2}},
  howpublished = {\url{www.mongodb.com}},
  note = {visited on 2019-12-12}
}


@misc{gaussian09,
  title={{Gaussian 09, revision D. 01}},
  author={M. J. Frisch and G. W. Trucks and H. B. Schlegel and G. E. Scuseria and M. A. Robb and J. R. Cheeseman and G. Scalmani and V. Barone and G. A. Petersson and H. Nakatsuji and X. Li and M. Caricato and A. V. Marenich and J. Bloino and B. G. Janesko and R. Gomperts and B. Mennucci and H. P. Hratchian and J. V. Ortiz and A. F. Izmaylov and J. L. Sonnenberg and D. Williams-Young and F. Ding and F. Lipparini and F. Egidi and J. Goings and B. Peng and A. Petrone and T. Henderson and D. Ranasinghe and V. G. Zakrzewski and J. Gao and N. Rega and G. Zheng and W. Liang and M. Hada and M. Ehara and K. Toyota and R. Fukuda and J. Hasegawa and M. Ishida and T. Nakajima and Y. Honda and O. Kitao and H. Nakai and T. Vreven and K. Throssell and Montgomery, {Jr.}, J. A. and J. E. Peralta and F. Ogliaro and M. J. Bearpark and J. J. Heyd and E. N. Brothers and K. N. Kudin and V. N. Staroverov and T. A. Keith and R. Kobayashi and J. Normand and K. Raghavachari and A. P. Rendell and J. C. Burant and S. S. Iyengar and J. Tomasi and M. Cossi and J. M. Millam and M. Klene and C. Adamo and R. Cammi and J. W. Ochterski and R. L. Martin and K. Morokuma and O. Farkas and J. B. Foresman and D. J. Fox},
  year={2009},
  note={Gaussian, Inc., Wallingford CT}
}

@article{sparrow,
author = {Husch, T and Vaucher, A  C and Reiher, M},
doi = {10.1002/qua.25799},
journal = {Int. J. Quantum Chem.},
pages = {e25799},
title = {{Semiempirical molecular orbital models based on the neglect of diatomic differential overlap approximation}},
volume = {118},
year = {2018}
}

@article{orca,
author = {Neese, F},
doi = {10.1002/wcms.81},
journal = {Wiley Interdiscip. Rev. Comput. Mol. Sci.},
pages = {73--78},
title = {{The ORCA program system}},
volume = {2},
year = {2012}
}

@article{lbfgs,
author = {Nocedal, J},
doi = {10.1090/S0025-5718-1980-0572855-7 },
journal = {Math. Comp.},
pages = {773--782},
title = {{Updating Quasi-Newton Matrices With Limited Storage}},
volume = {35},
year = {1980}
}

@article{ahlrichs89,
title = {{Electronic structure calculations on workstation computers: The program system Turbomole}},
author = {Ahlrichs, Reinhart and B{\"{a}}r, Michael and H{\"{a}}ser, Marco and Horn, Hans and K{\"{o}}lmel, Christoph},
journal = {Chem. Phys. Lett.},
number = {3},
pages = {165--169},
doi = {10.1016/0009-2614(89)85118-8},
volume = {162},
year = {1989}
}

@misc{sparrow_zenodo,
  author       = {Francesco Bosia and Tamara Husch and Charlotte H. M\"uller and Severin Polonius and Jan-Grimo Sobez and Miguel Steiner and Jan P. Unsleber and Alain C. Vaucher and Thomas Weymuth and Markus Reiher},
  title        = {SCINE Sparrow Release 3.0.0},
  year         = 2021,
  howpublished = {\url{https://doi.org/10.5281/zenodo.3244105}}
}

@article{bannwarth20,
  title={{Extended tight-binding quantum chemistry methods}},
  author={Bannwarth, Christoph and Caldeweyher, Eike and Ehlert, Sebastian and Hansen, Andreas and Pracht, Philipp and Seibert, Jakob and Spicher, Sebastian and Grimme, Stefan},
  journal={WIREs Comput. Mol. Sci.},
  pages={e01493},
  year={2020}
}


\end{thebibliography}
